<?xml version="1.0" encoding="UTF-8"?><collection xmlns="http://www.loc.gov/MARC21/slim"><record><leader>00426nam--2200133-i-4500</leader><controlfield tag="001">000038204</controlfield><controlfield tag="002">20161230</controlfield><controlfield tag="005">20161230201041</controlfield><controlfield tag="008">060222s1000------------r-----000-0-eng-d</controlfield><datafield ind1=" " ind2=" " tag="080"><subfield code="a">002:608:621.833</subfield></datafield><datafield ind1=" " ind2=" " tag="245"><subfield code="a">Realizari privind proiectarea si constructia rotilor dintate. cod 55.242 n.l.320</subfield></datafield><datafield ind1=" " ind2=" " tag="260"><subfield code="a">Bucuresti, Inst.Nat.De Inf.Si Documentare Stiintifica Si Tehnica, F.An</subfield></datafield><datafield ind1=" " ind2=" " tag="490"><subfield code="a">Cercetare Documentara</subfield></datafield><datafield ind1=" " ind2=" " tag="852"><subfield code="a">D.1311</subfield></datafield></record></collection>